@online{FORT,
author = {Andrew Zaleski},
title = {5 Things to watch for in 3D Printing in 2016},
date = 2016,
month = jan,
day = 1,
url = {http://fortune.com/2015/12/31/5-things-to-watch-3d-printing-2016/},
}

@online{3DPrint,
ALTauthor = {Scott J Gruenwald},
ALTeditor = {editor},
title = {3D Printing used in creating this amazing Star Wars Star Destroyer PC Case},
date = {1. Jan. 2016},
url = {http://3dprint.com/113357/3dp-star-destroyer-pc-case/},
}
